@article{TIOGA,
    author =       "Unicamp Team",
    title =        "TIOGA User's Manual",
    year =         "2016"
}
